<collection xmlns="http://www.loc.gov/MARC21/slim">
<record>
  <leader>01014nam0a22001931i 450 </leader>
  <controlfield tag="001">IT\ICCU\CNCE\070679</controlfield>
  <controlfield tag="005">20070514000000.0</controlfield>
  <datafield tag="012" ind1=" " ind2=" ">
    <subfield code="a">a.ia o.io o.to SeTr (C) 1518 (Q)</subfield>
    <subfield code="2">fei</subfield>
  </datafield>
  <datafield tag="100" ind1=" " ind2=" ">
    <subfield code="a">20070514f1518        0itac0103    ba</subfield>
  </datafield>
  <datafield tag="101" ind1=" " ind2=" ">
    <subfield code="a">ITA</subfield>
  </datafield>
  <datafield tag="102" ind1=" " ind2=" ">
    <subfield code="a">IT</subfield>
  </datafield>
  <datafield tag="200" ind1="1" ind2=" ">
    <subfield code="a">Libro ouero cronicha de tutte le cose passate de Italia sotto el rezimento de Pappa Alexandro e Pappa Pio e Pappa Julio, sin al presente del nostro pastor Pappa Leone decimo, narrando tutte le guerre si del Reame de&apos; Napoli, come de Lombardia e &apos;l re e duchi e signori del stato suo schazati. E qual cita castelli sono state brusate &amp; sachizate per fin al zorno presente 1518</subfield>
  </datafield>
  <datafield tag="210" ind1=" " ind2=" ">
    <subfield code="d">\1518?!</subfield>
    <subfield code="e">Stampata in Napoli</subfield>
    <subfield code="g">per maistro Baldisera de Rinaldi</subfield>
  </datafield>
  <datafield tag="215" ind1=" " ind2=" ">
    <subfield code="a">\40! c.</subfield>
    <subfield code="c">ill.</subfield>
    <subfield code="d">4ʻ</subfield>
  </datafield>
  <datafield tag="620" ind1=" " ind2=" ">
    <subfield code="a">IT</subfield>
    <subfield code="d">Napoli</subfield>
  </datafield>
  <datafield tag="712" ind1="0" ind2="0">
    <subfield code="a">Rinaldi, Baldassarre</subfield>
    <subfield code="3">IT\ICCU\CNCT\006143</subfield>
    <subfield code="4">650</subfield>
  </datafield>
  <datafield tag="791" ind1="0" ind2="0">
    <subfield code="a">Rinaldi, Baldisera de</subfield>
    <subfield code="3">IT\ICCU\CNCT\006144</subfield>
    <subfield code="z">Rinaldi, Baldassarre</subfield>
  </datafield>
  <datafield tag="801" ind1=" " ind2="3">
    <subfield code="a">IT</subfield>
    <subfield code="b">ICCU</subfield>
    <subfield code="c">20201115</subfield>
  </datafield>
  <datafield tag="899" ind1=" " ind2=" ">
    <subfield code="a">Biblioteca nazionale Braidense. Milano</subfield>
    <subfield code="1">MI0185</subfield>
    <subfield code="2">MIL NB</subfield>
  </datafield>
</record>
</collection>
